<?xml version="1.0" encoding="UTF-8"?><record xmlns="http://www.loc.gov/MARC21/slim" xmlns:cinclude="http://apache.org/cocoon/include/1.0" xmlns:zs="http://www.loc.gov/zing/srw/">
  <leader>00365nz  a2200121n  4500</leader>
  <controlfield tag="001">n  92116308 </controlfield>
  <controlfield tag="003">DLC</controlfield>
  <controlfield tag="005">19921204111428.3</controlfield>
  <controlfield tag="008">921204n| acannaab|          |n aaa |||  </controlfield>
  <datafield tag="010" ind1=" " ind2=" ">
    <subfield code="a">n  92116308 </subfield>
  </datafield>
  <datafield tag="040" ind1=" " ind2=" ">
    <subfield code="a">DLC</subfield>
    <subfield code="c">DLC</subfield>
  </datafield>
  <datafield tag="100" ind1="1" ind2="0">
    <subfield code="a">Verweij, J. M.</subfield>
  </datafield>
  <datafield tag="670" ind1=" " ind2=" ">
    <subfield code="a">His Hydrocarbon migration systems analysis, 1993:</subfield>
    <subfield code="b">CIP t.p. (J.M. Verweij, TNO Inst. of Applied Geoscience, Delft)</subfield>
  </datafield>
</record>